{"revenue_trends": {"monthly_revenue": [{"year_month": "2015-07-01", "total_revenue": 1111434.449095}, {"year_month": "2015-08-01", "total_revenue": 1518111.919102}, {"year_month": "2015-09-01", "total_revenue": 1636506.219752}, {"year_month": "2015-10-01", "total_revenue": 1164817.840186}, {"year_month": "2015-11-01", "total_revenue": 462971.380097}, {"year_month": "2015-12-01", "total_revenue": 648790.269663}, {"year_month": "2016-01-01", "total_revenue": 402054.090187}, {"year_month": "2016-02-01", "total_revenue": 782887.650765}, {"year_month": "2016-03-01", "total_revenue": 1205178.012235}, {"year_month": "2016-04-01", "total_revenue": 1508082.832506}, {"year_month": "2016-05-01", "total_revenue": 1629922.43941}, {"year_month": "2016-06-01", "total_revenue": 1868113.77156}, {"year_month": "2016-07-01", "total_revenue": 2037972.89109}, {"year_month": "2016-08-01", "total_revenue": 2140081.00136}, {"year_month": "2016-09-01", "total_revenue": 1972658.18071}, {"year_month": "2016-10-01", "total_revenue": 1801166.732389}, {"year_month": "2016-11-01", "total_revenue": 1119301.729856}, {"year_month": "2016-12-01", "total_revenue": 1077629.199529}, {"year_month": "2017-01-01", "total_revenue": 862052.299714}, {"year_month": "2017-02-01", "total_revenue": 1016307.98212}, {"year_month": "2017-03-01", "total_revenue": 1387980.738713}, {"year_month": "2017-04-01", "total_revenue": 2085410.101185}, {"year_month": "2017-05-01", "total_revenue": 2298539.070346}, {"year_month": "2017-06-01", "total_revenue": 2402117.04923}, {"year_month": "2017-07-01", "total_revenue": 2404376.993173}, {"year_month": "2017-08-01", "total_revenue": 2164367.880949}], "hotel_revenue": [{"year_month": "2015-07", "City Hotel": 261597.859975, "Resort Hotel": 849836.58912}, {"year_month": "2015-08", "City Hotel": 522327.859882, "Resort Hotel": 995784.05922}, {"year_month": "2015-09", "City Hotel": 999522.15026, "Resort Hotel": 636984.069492}, {"year_month": "2015-10", "City Hotel": 799461.88014, "Resort Hotel": 365355.960046}, {"year_month": "2015-11", "City Hotel": 268243.95975, "Resort Hotel": 194727.420347}, {"year_month": "2015-12", "City Hotel": 402603.95973, "Resort Hotel": 246186.309933}, {"year_month": "2016-01", "City Hotel": 288272.100095, "Resort Hotel": 113781.990092}, {"year_month": "2016-02", "City Hotel": 541431.52055, "Resort Hotel": 241456.130215}, {"year_month": "2016-03", "City Hotel": 828759.590885, "Resort Hotel": 376418.42135}, {"year_month": "2016-04", "City Hotel": 1025116.1516, "Resort Hotel": 482966.680906}, {"year_month": "2016-05", "City Hotel": 1111432.53965, "Resort Hotel": 518489.89976}, {"year_month": "2016-06", "City Hotel": 1156473.76043, "Resort Hotel": 711640.01113}, {"year_month": "2016-07", "City Hotel": 1084605.33907, "Resort Hotel": 953367.55202}, {"year_month": "2016-08", "City Hotel": 1231895.0885, "Resort Hotel": 908185.91286}, {"year_month": "2016-09", "City Hotel": 1254874.2199, "Resort Hotel": 717783.96081}, {"year_month": "2016-10", "City Hotel": 1278821.9819, "Resort Hotel": 522344.750489}, {"year_month": "2016-11", "City Hotel": 882073.99938, "Resort Hotel": 237227.730476}, {"year_month": "2016-12", "City Hotel": 771842.36961, "Resort Hotel": 305786.829919}, {"year_month": "2017-01", "City Hotel": 658416.3194, "Resort Hotel": 203635.98031400001}, {"year_month": "2017-02", "City Hotel": 728971.06189, "Resort Hotel": 287336.92023}, {"year_month": "2017-03", "City Hotel": 951989.49856, "Resort Hotel": 435991.240153}, {"year_month": "2017-04", "City Hotel": 1443585.39088, "Resort Hotel": 641824.710305}, {"year_month": "2017-05", "City Hotel": 1612559.51184, "Resort Hotel": 685979.558506}, {"year_month": "2017-06", "City Hotel": 1474432.21997, "Resort Hotel": 927684.82926}, {"year_month": "2017-07", "City Hotel": 1342457.9516, "Resort Hotel": 1061919.041573}, {"year_month": "2017-08", "City Hotel": 1316222.14917, "Resort Hotel": 848145.731779}]}, "cancellation_analysis": {"overall_cancellation_rate": 37.02134678322467, "monthly_cancellation": [{"year_month": "2015-07-01", "total_bookings": 2746, "cancelled_bookings": 1251, "cancellation_rate": 45.55717407137655}, {"year_month": "2015-08-01", "total_bookings": 3734, "cancelled_bookings": 1558, "cancellation_rate": 41.72469201928227}, {"year_month": "2015-09-01", "total_bookings": 5063, "cancelled_bookings": 2079, "cancellation_rate": 41.062611100138255}, {"year_month": "2015-10-01", "total_bookings": 4942, "cancelled_bookings": 1729, "cancellation_rate": 34.98583569405099}, {"year_month": "2015-11-01", "total_bookings": 2337, "cancelled_bookings": 486, "cancellation_rate": 20.79589216944801}, {"year_month": "2015-12-01", "total_bookings": 2868, "cancelled_bookings": 966, "cancellation_rate": 33.68200836820084}, {"year_month": "2016-01-01", "total_bookings": 2237, "cancelled_bookings": 555, "cancellation_rate": 24.810013410818062}, {"year_month": "2016-02-01", "total_bookings": 3867, "cancelled_bookings": 1332, "cancellation_rate": 34.44530643910008}, {"year_month": "2016-03-01", "total_bookings": 4792, "cancelled_bookings": 1465, "cancellation_rate": 30.571786310517528}, {"year_month": "2016-04-01", "total_bookings": 5402, "cancelled_bookings": 2052, "cancellation_rate": 37.98593113661607}, {"year_month": "2016-05-01", "total_bookings": 5432, "cancelled_bookings": 1899, "cancellation_rate": 34.95949926362297}, {"year_month": "2016-06-01", "total_bookings": 5253, "cancelled_bookings": 2082, "cancellation_rate": 39.63449457452884}, {"year_month": "2016-07-01", "total_bookings": 4286, "cancelled_bookings": 1408, "cancellation_rate": 32.85114325711619}, {"year_month": "2016-08-01", "total_bookings": 4316, "cancelled_bookings": 1565, "cancellation_rate": 36.260426320667285}, {"year_month": "2016-09-01", "total_bookings": 5274, "cancelled_bookings": 1977, "cancellation_rate": 37.485779294653014}, {"year_month": "2016-10-01", "total_bookings": 6129, "cancelled_bookings": 2486, "cancellation_rate": 40.561266111926905}, {"year_month": "2016-11-01", "total_bookings": 4415, "cancelled_bookings": 1623, "cancellation_rate": 36.76104190260476}, {"year_month": "2016-12-01", "total_bookings": 3764, "cancelled_bookings": 1374, "cancellation_rate": 36.503719447396385}, {"year_month": "2017-01-01", "total_bookings": 3662, "cancelled_bookings": 1247, "cancellation_rate": 34.05243036592026}, {"year_month": "2017-02-01", "total_bookings": 4147, "cancelled_bookings": 1350, "cancellation_rate": 32.55365324330842}, {"year_month": "2017-03-01", "total_bookings": 4920, "cancelled_bookings": 1656, "cancellation_rate": 33.65853658536586}, {"year_month": "2017-04-01", "total_bookings": 5503, "cancelled_bookings": 2398, "cancellation_rate": 43.57623114664728}, {"year_month": "2017-05-01", "total_bookings": 6112, "cancelled_bookings": 2661, "cancellation_rate": 43.53730366492147}, {"year_month": "2017-06-01", "total_bookings": 5421, "cancelled_bookings": 2340, "cancellation_rate": 43.16546762589928}, {"year_month": "2017-07-01", "total_bookings": 4698, "cancelled_bookings": 1726, "cancellation_rate": 36.73903788846318}, {"year_month": "2017-08-01", "total_bookings": 3873, "cancelled_bookings": 1381, "cancellation_rate": 35.6571133488252}], "hotel_cancellation": [{"hotel": "City Hotel", "total_bookings": 77650, "cancelled_bookings": 32503, "cancellation_rate": 41.85833869929169}, {"hotel": "Resort Hotel", "total_bookings": 37543, "cancelled_bookings": 10143, "cancellation_rate": 27.017020483179287}]}, "geographical_distribution": {"country_bookings": [{"country": "ABW", "total_bookings": 2, "cancelled_bookings": 0, "total_revenue": 927.72, "cancellation_rate": 0.0}, {"country": "AGO", "total_bookings": 340, "cancelled_bookings": 189, "total_revenue": 292258.30898, "cancellation_rate": 55.58823529411765}, {"country": "ALB", "total_bookings": 12, "cancelled_bookings": 2, "total_revenue": 3469.0300349999998, "cancellation_rate": 16.666666666666664}, {"country": "AND", "total_bookings": 3, "cancelled_bookings": 3, "total_revenue": 1640.0, "cancellation_rate": 100.0}, {"country": "ARE", "total_bookings": 44, "cancelled_bookings": 37, "total_revenue": 24132.600264, "cancellation_rate": 84.0909090909091}, {"country": "ARG", "total_bookings": 209, "cancelled_bookings": 50, "total_revenue": 74780.299945, "cancellation_rate": 23.923444976076556}, {"country": "ARM", "total_bookings": 7, "cancelled_bookings": 2, "total_revenue": 1751.40002, "cancellation_rate": 28.57142857142857}, {"country": "ASM", "total_bookings": 1, "cancelled_bookings": 0, "total_revenue": 72.07, "cancellation_rate": 0.0}, {"country": "ATA", "total_bookings": 2, "cancelled_bookings": 0, "total_revenue": 537.0, "cancellation_rate": 0.0}, {"country": "ATF", "total_bookings": 1, "cancelled_bookings": 0, "total_revenue": 252.0, "cancellation_rate": 0.0}, {"country": "AUS", "total_bookings": 407, "cancelled_bookings": 103, "total_revenue": 131353.84995, "cancellation_rate": 25.307125307125304}, {"country": "AUT", "total_bookings": 1248, "cancelled_bookings": 225, "total_revenue": 463617.94086, "cancellation_rate": 18.028846153846153}, {"country": "AZE", "total_bookings": 16, "cancelled_bookings": 9, "total_revenue": 6989.71005, "cancellation_rate": 56.25}, {"country": "BDI", "total_bookings": 1, "cancelled_bookings": 0, "total_revenue": 92.0, "cancellation_rate": 0.0}, {"country": "BEL", "total_bookings": 2270, "cancelled_bookings": 455, "total_revenue": 920385.611144, "cancellation_rate": 20.044052863436125}, {"country": "BEN", "total_bookings": 3, "cancelled_bookings": 3, "total_revenue": 864.00002, "cancellation_rate": 100.0}, {"country": "BFA", "total_bookings": 1, "cancelled_bookings": 0, "total_revenue": 80.3, "cancellation_rate": 0.0}, {"country": "BGD", "total_bookings": 10, "cancelled_bookings": 8, "total_revenue": 4263.93997, "cancellation_rate": 80.0}, {"country": "BGR", "total_bookings": 73, "cancelled_bookings": 11, "total_revenue": 27828.16994, "cancellation_rate": 15.068493150684931}, {"country": "BHR", "total_bookings": 5, "cancelled_bookings": 4, "total_revenue": 2087.55, "cancellation_rate": 80.0}, {"country": "BHS", "total_bookings": 1, "cancelled_bookings": 0, "total_revenue": 355.94998, "cancellation_rate": 0.0}, {"country": "BIH", "total_bookings": 13, "cancelled_bookings": 3, "total_revenue": 4744.45002, "cancellation_rate": 23.076923076923077}, {"country": "BLR", "total_bookings": 25, "cancelled_bookings": 9, "total_revenue": 11558.16009, "cancellation_rate": 36.0}, {"country": "BOL", "total_bookings": 10, "cancelled_bookings": 0, "total_revenue": 3450.0, "cancellation_rate": 0.0}, {"country": "BRA", "total_bookings": 2151, "cancelled_bookings": 806, "total_revenue": 807495.9605, "cancellation_rate": 37.470943747094374}, {"country": "BRB", "total_bookings": 4, "cancelled_bookings": 0, "total_revenue": 760.0, "cancellation_rate": 0.0}, {"country": "BWA", "total_bookings": 1, "cancelled_bookings": 0, "total_revenue": 355.5, "cancellation_rate": 0.0}, {"country": "CAF", "total_bookings": 5, "cancelled_bookings": 0, "total_revenue": 1046.98002, "cancellation_rate": 0.0}, {"country": "CHE", "total_bookings": 1620, "cancelled_bookings": 387, "total_revenue": 679473.071054, "cancellation_rate": 23.88888888888889}, {"country": "CHL", "total_bookings": 60, "cancelled_bookings": 15, "total_revenue": 21364.43997, "cancellation_rate": 25.0}, {"country": "CHN", "total_bookings": 976, "cancelled_bookings": 452, "total_revenue": 280546.50003, "cancellation_rate": 46.31147540983606}, {"country": "CIV", "total_bookings": 5, "cancelled_bookings": 1, "total_revenue": 2330.0, "cancellation_rate": 20.0}, {"country": "CMR", "total_bookings": 10, "cancelled_bookings": 0, "total_revenue": 3864.98, "cancellation_rate": 0.0}, {"country": "CN", "total_bookings": 1225, "cancelled_bookings": 234, "total_revenue": 461883.18012, "cancellation_rate": 19.10204081632653}, {"country": "COL", "total_bookings": 71, "cancelled_bookings": 23, "total_revenue": 22109.000045, "cancellation_rate": 32.3943661971831}, {"country": "COM", "total_bookings": 1, "cancelled_bookings": 0, "total_revenue": 71.61, "cancellation_rate": 0.0}, {"country": "CPV", "total_bookings": 24, "cancelled_bookings": 12, "total_revenue": 15013.98003, "cancellation_rate": 50.0}, {"country": "CRI", "total_bookings": 19, "cancelled_bookings": 1, "total_revenue": 4524.52, "cancellation_rate": 5.263157894736842}, {"country": "CUB", "total_bookings": 7, "cancelled_bookings": 0, "total_revenue": 1596.38001, "cancellation_rate": 0.0}, {"country": "CYM", "total_bookings": 1, "cancelled_bookings": 0, "total_revenue": 162.0, "cancellation_rate": 0.0}, {"country": "CYP", "total_bookings": 49, "cancelled_bookings": 10, "total_revenue": 14968.75001, "cancellation_rate": 20.408163265306122}, {"country": "CZE", "total_bookings": 167, "cancelled_bookings": 35, "total_revenue": 62861.58011, "cancellation_rate": 20.958083832335326}, {"country": "DEU", "total_bookings": 7178, "cancelled_bookings": 1186, "total_revenue": 2544074.931796, "cancellation_rate": 16.522708275285595}, {"country": "DMA", "total_bookings": 1, "cancelled_bookings": 0, "total_revenue": 421.2, "cancellation_rate": 0.0}, {"country": "DNK", "total_bookings": 416, "cancelled_bookings": 104, "total_revenue": 192402.71995, "cancellation_rate": 25.0}, {"country": "DOM", "total_bookings": 14, "cancelled_bookings": 8, "total_revenue": 8047.71, "cancellation_rate": 57.14285714285714}, {"country": "DZA", "total_bookings": 97, "cancelled_bookings": 20, "total_revenue": 42179.88048, "cancellation_rate": 20.618556701030926}, {"country": "ECU", "total_bookings": 24, "cancelled_bookings": 7, "total_revenue": 8604.390010000001, "cancellation_rate": 29.166666666666668}, {"country": "EGY", "total_bookings": 29, "cancelled_bookings": 9, "total_revenue": 13252.199999999999, "cancellation_rate": 31.03448275862069}, {"country": "ESP", "total_bookings": 7869, "cancelled_bookings": 1919, "total_revenue": 2569652.249058, "cancellation_rate": 24.386834413521413}, {"country": "EST", "total_bookings": 81, "cancelled_bookings": 17, "total_revenue": 41639.86012, "cancellation_rate": 20.98765432098765}, {"country": "ETH", "total_bookings": 3, "cancelled_bookings": 1, "total_revenue": 1398.48, "cancellation_rate": 33.33333333333333}, {"country": "FIN", "total_bookings": 433, "cancelled_bookings": 67, "total_revenue": 172223.37999, "cancellation_rate": 15.473441108545035}, {"country": "FJI", "total_bookings": 1, "cancelled_bookings": 1, "total_revenue": 405.99, "cancellation_rate": 100.0}, {"country": "FRA", "total_bookings": 10092, "cancelled_bookings": 1840, "total_revenue": 3740575.660172, "cancellation_rate": 18.23226317875545}, {"country": "FRO", "total_bookings": 5, "cancelled_bookings": 4, "total_revenue": 8839.0, "cancellation_rate": 80.0}, {"country": "GAB", "total_bookings": 4, "cancelled_bookings": 2, "total_revenue": 1398.0, "cancellation_rate": 50.0}, {"country": "GBR", "total_bookings": 11814, "cancelled_bookings": 2322, "total_revenue": 4968666.473595, "cancellation_rate": 19.654647028948705}, {"country": "GEO", "total_bookings": 12, "cancelled_bookings": 8, "total_revenue": 7717.599999999999, "cancellation_rate": 66.66666666666666}, {"country": "GGY", "total_bookings": 3, "cancelled_bookings": 3, "total_revenue": 772.4, "cancellation_rate": 100.0}, {"country": "GHA", "total_bookings": 3, "cancelled_bookings": 1, "total_revenue": 1872.2001, "cancellation_rate": 33.33333333333333}, {"country": "GIB", "total_bookings": 16, "cancelled_bookings": 9, "total_revenue": 7168.71998, "cancellation_rate": 56.25}, {"country": "GLP", "total_bookings": 2, "cancelled_bookings": 2, "total_revenue": 840.0, "cancellation_rate": 100.0}, {"country": "GNB", "total_bookings": 9, "cancelled_bookings": 1, "total_revenue": 5176.490040000001, "cancellation_rate": 11.11111111111111}, {"country": "GRC", "total_bookings": 127, "cancelled_bookings": 34, "total_revenue": 56564.11008, "cancellation_rate": 26.77165354330709}, {"country": "GTM", "total_bookings": 4, "cancelled_bookings": 0, "total_revenue": 486.0, "cancellation_rate": 0.0}, {"country": "GUY", "total_bookings": 1, "cancelled_bookings": 0, "total_revenue": 360.0, "cancellation_rate": 0.0}, {"country": "HKG", "total_bookings": 28, "cancelled_bookings": 25, "total_revenue": 7087.49998, "cancellation_rate": 89.28571428571429}, {"country": "HND", "total_bookings": 1, "cancelled_bookings": 1, "total_revenue": 79.0, "cancellation_rate": 100.0}, {"country": "HRV", "total_bookings": 98, "cancelled_bookings": 25, "total_revenue": 41750.01001, "cancellation_rate": 25.510204081632654}, {"country": "HUN", "total_bookings": 220, "cancelled_bookings": 72, "total_revenue": 89173.31991, "cancellation_rate": 32.72727272727273}, {"country": "IDN", "total_bookings": 30, "cancelled_bookings": 20, "total_revenue": 8602.50998, "cancellation_rate": 66.66666666666666}, {"country": "IMN", "total_bookings": 2, "cancelled_bookings": 2, "total_revenue": 963.90002, "cancellation_rate": 100.0}, {"country": "IND", "total_bookings": 144, "cancelled_bookings": 32, "total_revenue": 49896.88017, "cancellation_rate": 22.22222222222222}, {"country": "IRL", "total_bookings": 3301, "cancelled_bookings": 807, "total_revenue": 1567745.532326, "cancellation_rate": 24.447137231142076}, {"country": "IRN", "total_bookings": 80, "cancelled_bookings": 21, "total_revenue": 38209.18029, "cancellation_rate": 26.25}, {"country": "IRQ", "total_bookings": 14, "cancelled_bookings": 0, "total_revenue": 4857.0, "cancellation_rate": 0.0}, {"country": "ISL", "total_bookings": 54, "cancelled_bookings": 4, "total_revenue": 24253.28998, "cancellation_rate": 7.4074074074074066}, {"country": "ISR", "total_bookings": 651, "cancelled_bookings": 162, "total_revenue": 184966.31921, "cancellation_rate": 24.88479262672811}, {"country": "ITA", "total_bookings": 3648, "cancelled_bookings": 1285, "total_revenue": 1322519.570141, "cancellation_rate": 35.22478070175439}, {"country": "JAM", "total_bookings": 6, "cancelled_bookings": 0, "total_revenue": 2680.16998, "cancellation_rate": 0.0}, {"country": "JEY", "total_bookings": 6, "cancelled_bookings": 6, "total_revenue": 2093.37, "cancellation_rate": 100.0}, {"country": "JOR", "total_bookings": 19, "cancelled_bookings": 3, "total_revenue": 5030.81, "cancellation_rate": 15.789473684210526}, {"country": "JPN", "total_bookings": 192, "cancelled_bookings": 28, "total_revenue": 66425.58989, "cancellation_rate": 14.583333333333334}, {"country": "KAZ", "total_bookings": 17, "cancelled_bookings": 3, "total_revenue": 6434.90002, "cancellation_rate": 17.647058823529413}, {"country": "KEN", "total_bookings": 6, "cancelled_bookings": 2, "total_revenue": 3083.93998, "cancellation_rate": 33.33333333333333}, {"country": "KHM", "total_bookings": 2, "cancelled_bookings": 2, "total_revenue": 792.0, "cancellation_rate": 100.0}, {"country": "KIR", "total_bookings": 1, "cancelled_bookings": 0, "total_revenue": 432.0, "cancellation_rate": 0.0}, {"country": "KNA", "total_bookings": 2, "cancelled_bookings": 0, "total_revenue": 368.8, "cancellation_rate": 0.0}, {"country": "KOR", "total_bookings": 132, "cancelled_bookings": 55, "total_revenue": 36495.54011, "cancellation_rate": 41.66666666666667}, {"country": "KWT", "total_bookings": 14, "cancelled_bookings": 4, "total_revenue": 5969.82, "cancellation_rate": 28.57142857142857}, {"country": "LAO", "total_bookings": 2, "cancelled_bookings": 0, "total_revenue": 909.99, "cancellation_rate": 0.0}, {"country": "LBN", "total_bookings": 30, "cancelled_bookings": 8, "total_revenue": 10404.78998, "cancellation_rate": 26.666666666666668}, {"country": "LBY", "total_bookings": 8, "cancelled_bookings": 0, "total_revenue": 1537.0, "cancellation_rate": 0.0}, {"country": "LCA", "total_bookings": 1, "cancelled_bookings": 0, "total_revenue": 403.75, "cancellation_rate": 0.0}, {"country": "LIE", "total_bookings": 3, "cancelled_bookings": 1, "total_revenue": 927.8, "cancellation_rate": 33.33333333333333}, {"country": "LKA", "total_bookings": 7, "cancelled_bookings": 0, "total_revenue": 3182.899994, "cancellation_rate": 0.0}, {"country": "LTU", "total_bookings": 79, "cancelled_bookings": 7, "total_revenue": 38835.560190000004, "cancellation_rate": 8.860759493670885}, {"country": "LUX", "total_bookings": 258, "cancelled_bookings": 99, "total_revenue": 113394.66976, "cancellation_rate": 38.372093023255815}, {"country": "LVA", "total_bookings": 52, "cancelled_bookings": 7, "total_revenue": 19253.56994, "cancellation_rate": 13.461538461538462}, {"country": "MAC", "total_bookings": 16, "cancelled_bookings": 15, "total_revenue": 5209.519990000001, "cancellation_rate": 93.75}, {"country": "MAR", "total_bookings": 214, "cancelled_bookings": 79, "total_revenue": 94334.61981, "cancellation_rate": 36.915887850467286}, {"country": "MCO", "total_bookings": 4, "cancelled_bookings": 1, "total_revenue": 951.92, "cancellation_rate": 25.0}, {"country": "MDG", "total_bookings": 1, "cancelled_bookings": 0, "total_revenue": 44.0, "cancellation_rate": 0.0}, {"country": "MDV", "total_bookings": 11, "cancelled_bookings": 8, "total_revenue": 3965.09995, "cancellation_rate": 72.72727272727273}, {"country": "MEX", "total_bookings": 82, "cancelled_bookings": 9, "total_revenue": 22714.89002, "cancellation_rate": 10.975609756097562}, {"country": "MKD", "total_bookings": 10, "cancelled_bookings": 2, "total_revenue": 3267.8, "cancellation_rate": 20.0}, {"country": "MLI", "total_bookings": 1, "cancelled_bookings": 0, "total_revenue": 89.0, "cancellation_rate": 0.0}, {"country": "MLT", "total_bookings": 18, "cancelled_bookings": 5, "total_revenue": 6002.33999, "cancellation_rate": 27.77777777777778}, {"country": "MMR", "total_bookings": 1, "cancelled_bookings": 0, "total_revenue": 290.0, "cancellation_rate": 0.0}, {"country": "MNE", "total_bookings": 5, "cancelled_bookings": 2, "total_revenue": 2834.0, "cancellation_rate": 40.0}, {"country": "MOZ", "total_bookings": 66, "cancelled_bookings": 18, "total_revenue": 30478.0997, "cancellation_rate": 27.27272727272727}, {"country": "MRT", "total_bookings": 1, "cancelled_bookings": 0, "total_revenue": 585.9, "cancellation_rate": 0.0}, {"country": "MUS", "total_bookings": 7, "cancelled_bookings": 1, "total_revenue": 2424.10998, "cancellation_rate": 14.285714285714285}, {"country": "MWI", "total_bookings": 2, "cancelled_bookings": 0, "total_revenue": 252.0, "cancellation_rate": 0.0}, {"country": "MYS", "total_bookings": 28, "cancelled_bookings": 3, "total_revenue": 6862.66002, "cancellation_rate": 10.714285714285714}, {"country": "MYT", "total_bookings": 1, "cancelled_bookings": 1, "total_revenue": 198.0, "cancellation_rate": 100.0}, {"country": "NAM", "total_bookings": 1, "cancelled_bookings": 0, "total_revenue": 486.44, "cancellation_rate": 0.0}, {"country": "NCL", "total_bookings": 1, "cancelled_bookings": 0, "total_revenue": 702.0, "cancellation_rate": 0.0}, {"country": "NGA", "total_bookings": 32, "cancelled_bookings": 20, "total_revenue": 15899.670039999999, "cancellation_rate": 62.5}, {"country": "NIC", "total_bookings": 1, "cancelled_bookings": 1, "total_revenue": 417.0, "cancellation_rate": 100.0}, {"country": "NLD", "total_bookings": 2044, "cancelled_bookings": 367, "total_revenue": 758914.36044, "cancellation_rate": 17.95499021526419}, {"country": "NOR", "total_bookings": 579, "cancelled_bookings": 172, "total_revenue": 294942.61094, "cancellation_rate": 29.70639032815199}, {"country": "NPL", "total_bookings": 1, "cancelled_bookings": 0, "total_revenue": 255.0, "cancellation_rate": 0.0}, {"country": "NZL", "total_bookings": 72, "cancelled_bookings": 6, "total_revenue": 20265.82004, "cancellation_rate": 8.333333333333332}, {"country": "OMN", "total_bookings": 14, "cancelled_bookings": 2, "total_revenue": 5610.9599, "cancellation_rate": 14.285714285714285}, {"country": "PAK", "total_bookings": 11, "cancelled_bookings": 7, "total_revenue": 4958.38002, "cancellation_rate": 63.63636363636363}, {"country": "PAN", "total_bookings": 9, "cancelled_bookings": 0, "total_revenue": 4042.69995, "cancellation_rate": 0.0}, {"country": "PER", "total_bookings": 26, "cancelled_bookings": 6, "total_revenue": 8173.0699, "cancellation_rate": 23.076923076923077}, {"country": "PHL", "total_bookings": 38, "cancelled_bookings": 23, "total_revenue": 15295.89005, "cancellation_rate": 60.526315789473685}, {"country": "PLW", "total_bookings": 1, "cancelled_bookings": 0, "total_revenue": 954.02997, "cancellation_rate": 0.0}, {"country": "POL", "total_bookings": 885, "cancelled_bookings": 199, "total_revenue": 369961.500564, "cancellation_rate": 22.48587570621469}, {"country": "PRI", "total_bookings": 12, "cancelled_bookings": 2, "total_revenue": 2122.92, "cancellation_rate": 16.666666666666664}, {"country": "PRT", "total_bookings": 47131, "cancelled_bookings": 26962, "total_revenue": 12670395.972667, "cancellation_rate": 57.20650951602979}, {"country": "PRY", "total_bookings": 4, "cancelled_bookings": 0, "total_revenue": 671.8, "cancellation_rate": 0.0}, {"country": "PYF", "total_bookings": 1, "cancelled_bookings": 0, "total_revenue": 432.0, "cancellation_rate": 0.0}, {"country": "QAT", "total_bookings": 12, "cancelled_bookings": 8, "total_revenue": 6427.91, "cancellation_rate": 66.66666666666666}, {"country": "ROU", "total_bookings": 474, "cancelled_bookings": 122, "total_revenue": 237822.729875, "cancellation_rate": 25.738396624472575}, {"country": "RUS", "total_bookings": 587, "cancelled_bookings": 213, "total_revenue": 260414.320395, "cancellation_rate": 36.28620102214651}, {"country": "RWA", "total_bookings": 2, "cancelled_bookings": 0, "total_revenue": 964.74, "cancellation_rate": 0.0}, {"country": "SAU", "total_bookings": 43, "cancelled_bookings": 29, "total_revenue": 27848.10998, "cancellation_rate": 67.44186046511628}, {"country": "SDN", "total_bookings": 1, "cancelled_bookings": 0, "total_revenue": 297.0, "cancellation_rate": 0.0}, {"country": "SEN", "total_bookings": 9, "cancelled_bookings": 6, "total_revenue": 8444.7601, "cancellation_rate": 66.66666666666666}, {"country": "SGP", "total_bookings": 38, "cancelled_bookings": 16, "total_revenue": 9385.09004, "cancellation_rate": 42.10526315789473}, {"country": "SLE", "total_bookings": 1, "cancelled_bookings": 0, "total_revenue": 850.01, "cancellation_rate": 0.0}, {"country": "SLV", "total_bookings": 2, "cancelled_bookings": 0, "total_revenue": 457.7, "cancellation_rate": 0.0}, {"country": "SMR", "total_bookings": 1, "cancelled_bookings": 0, "total_revenue": 264.59998, "cancellation_rate": 0.0}, {"country": "SRB", "total_bookings": 100, "cancelled_bookings": 3, "total_revenue": 27886.00996, "cancellation_rate": 3.0}, {"country": "STP", "total_bookings": 2, "cancelled_bookings": 0, "total_revenue": 344.0, "cancellation_rate": 0.0}, {"country": "SUR", "total_bookings": 5, "cancelled_bookings": 0, "total_revenue": 1979.0, "cancellation_rate": 0.0}, {"country": "SVK", "total_bookings": 64, "cancelled_bookings": 23, "total_revenue": 24257.53008, "cancellation_rate": 35.9375}, {"country": "SVN", "total_bookings": 54, "cancelled_bookings": 15, "total_revenue": 18629.139958, "cancellation_rate": 27.77777777777778}, {"country": "SWE", "total_bookings": 981, "cancelled_bookings": 218, "total_revenue": 408152.16011, "cancellation_rate": 22.22222222222222}, {"country": "SYC", "total_bookings": 2, "cancelled_bookings": 1, "total_revenue": 614.25, "cancellation_rate": 50.0}, {"country": "SYR", "total_bookings": 3, "cancelled_bookings": 0, "total_revenue": 864.0, "cancellation_rate": 0.0}, {"country": "TGO", "total_bookings": 2, "cancelled_bookings": 0, "total_revenue": 1784.5, "cancellation_rate": 0.0}, {"country": "THA", "total_bookings": 53, "cancelled_bookings": 13, "total_revenue": 11424.48, "cancellation_rate": 24.528301886792452}, {"country": "TJK", "total_bookings": 9, "cancelled_bookings": 8, "total_revenue": 3705.3, "cancellation_rate": 88.88888888888889}, {"country": "TMP", "total_bookings": 3, "cancelled_bookings": 1, "total_revenue": 1158.59998, "cancellation_rate": 33.33333333333333}, {"country": "TUN", "total_bookings": 38, "cancelled_bookings": 18, "total_revenue": 15983.14006, "cancellation_rate": 47.368421052631575}, {"country": "TUR", "total_bookings": 241, "cancelled_bookings": 99, "total_revenue": 81818.8402, "cancellation_rate": 41.078838174273855}, {"country": "TWN", "total_bookings": 51, "cancelled_bookings": 14, "total_revenue": 17819.30006, "cancellation_rate": 27.450980392156865}, {"country": "TZA", "total_bookings": 4, "cancelled_bookings": 2, "total_revenue": 989.0, "cancellation_rate": 50.0}, {"country": "UGA", "total_bookings": 2, "cancelled_bookings": 0, "total_revenue": 255.0, "cancellation_rate": 0.0}, {"country": "UKR", "total_bookings": 66, "cancelled_bookings": 20, "total_revenue": 24254.58031, "cancellation_rate": 30.303030303030305}, {"country": "UMI", "total_bookings": 1, "cancelled_bookings": 1, "total_revenue": 600.0, "cancellation_rate": 100.0}, {"country": "URY", "total_bookings": 31, "cancelled_bookings": 9, "total_revenue": 11752.80998, "cancellation_rate": 29.03225806451613}, {"country": "USA", "total_bookings": 1943, "cancelled_bookings": 454, "total_revenue": 602726.439556, "cancellation_rate": 23.3659289758106}, {"country": "UZB", "total_bookings": 4, "cancelled_bookings": 2, "total_revenue": 1168.3899999999999, "cancellation_rate": 50.0}, {"country": "VEN", "total_bookings": 26, "cancelled_bookings": 12, "total_revenue": 9344.88, "cancellation_rate": 46.15384615384615}, {"country": "VGB", "total_bookings": 1, "cancelled_bookings": 1, "total_revenue": 301.5, "cancellation_rate": 100.0}, {"country": "VNM", "total_bookings": 8, "cancelled_bookings": 2, "total_revenue": 2748.4, "cancellation_rate": 25.0}, {"country": "ZAF", "total_bookings": 76, "cancelled_bookings": 30, "total_revenue": 21548.199963, "cancellation_rate": 39.473684210526315}, {"country": "ZMB", "total_bookings": 2, "cancelled_bookings": 1, "total_revenue": 794.22, "cancellation_rate": 50.0}, {"country": "ZWE", "total_bookings": 4, "cancelled_bookings": 2, "total_revenue": 868.89, "cancellation_rate": 50.0}], "top_countries": [{"country": "PRT", "total_bookings": 47131, "cancelled_bookings": 26962, "total_revenue": 12670395.972667, "cancellation_rate": 57.20650951602979}, {"country": "GBR", "total_bookings": 11814, "cancelled_bookings": 2322, "total_revenue": 4968666.473595, "cancellation_rate": 19.654647028948705}, {"country": "FRA", "total_bookings": 10092, "cancelled_bookings": 1840, "total_revenue": 3740575.660172, "cancellation_rate": 18.23226317875545}, {"country": "ESP", "total_bookings": 7869, "cancelled_bookings": 1919, "total_revenue": 2569652.249058, "cancellation_rate": 24.386834413521413}, {"country": "DEU", "total_bookings": 7178, "cancelled_bookings": 1186, "total_revenue": 2544074.931796, "cancellation_rate": 16.522708275285595}, {"country": "ITA", "total_bookings": 3648, "cancelled_bookings": 1285, "total_revenue": 1322519.570141, "cancellation_rate": 35.22478070175439}, {"country": "IRL", "total_bookings": 3301, "cancelled_bookings": 807, "total_revenue": 1567745.532326, "cancellation_rate": 24.447137231142076}, {"country": "BEL", "total_bookings": 2270, "cancelled_bookings": 455, "total_revenue": 920385.611144, "cancellation_rate": 20.044052863436125}, {"country": "BRA", "total_bookings": 2151, "cancelled_bookings": 806, "total_revenue": 807495.9605, "cancellation_rate": 37.470943747094374}, {"country": "NLD", "total_bookings": 2044, "cancelled_bookings": 367, "total_revenue": 758914.36044, "cancellation_rate": 17.95499021526419}]}, "lead_time_analysis": {"lead_time_stats": {"count": 115193.0, "mean": 105.08340784596287, "std": 107.72974167461393, "min": 0.0, "25%": 18.0, "50%": 70.0, "75%": 162.0, "max": 737.0}, "lead_time_category": [{"lead_time_category": "Extreme", "count": 3208, "percentage": 2.7848914430564355, "cancellation_rate": 67.98628428927681}, {"lead_time_category": "Last Minute", "count": 17826, "percentage": 15.474898648355367, "cancellation_rate": 9.295411197127791}, {"lead_time_category": "Long", "count": 25442, "percentage": 22.086411500698826, "cancellation_rate": 44.39509472525745}, {"lead_time_category": "Medium", "count": 28685, "percentage": 24.90168673443699, "cancellation_rate": 37.74097960606589}, {"lead_time_category": "Short", "count": 18670, "percentage": 16.207582057937547, "cancellation_rate": 26.12747723620782}, {"lead_time_category": "Very Long", "count": 21362, "percentage": 18.544529615514833, "cancellation_rate": 55.28040445651157}], "lead_time_hotel": [{"hotel": "City Hotel", "mean": 110.70139085640696, "median": 75.0}, {"hotel": "Resort Hotel", "mean": 93.46376155341875, "median": 57.0}]}}